<record><leader>02325nam a2200409 i 4500</leader><controlfield tag="001">6786301</controlfield><controlfield tag="003">FlBoTFG</controlfield><controlfield tag="005">20150115163112.0</controlfield><controlfield tag="006">m|||||o||d||||||||</controlfield><controlfield tag="007">cr||||</controlfield><controlfield tag="008">150115t20152015enkabd  ob    101 0 eng d</controlfield><datafield ind1=" " ind2=" " tag="020"><subfield code="a">9781315722481 (e-book : PDF)</subfield></datafield><datafield ind1=" " ind2=" " tag="035"><subfield code="a">ocn897069633</subfield></datafield><datafield ind1=" " ind2=" " tag="039"><subfield code="a">exclude</subfield></datafield><datafield ind1=" " ind2=" " tag="040"><subfield code="a">FlBoTFG</subfield><subfield code="b">eng</subfield><subfield code="e">rda</subfield><subfield code="c">FlBoTFG</subfield><subfield code="d">AEU</subfield></datafield><datafield ind1=" " ind2="4" tag="050"><subfield code="a">JZ1318</subfield><subfield code="b">.C87 2015</subfield></datafield><datafield ind1=" " ind2=" " tag="090"><subfield code="a">Internet Access</subfield><subfield code="b">AEU</subfield></datafield><datafield ind1="2" ind2=" " tag="111"><subfield code="a">International Conference on Current Issues of Science and Research in the Global World</subfield><subfield code="d">(2014 :</subfield><subfield code="c">Vienna, Austria)</subfield></datafield><datafield ind1="1" ind2="0" tag="245"><subfield code="a">Current issues of science and research in the global world :</subfield><subfield code="b">proceedings of the International Conference on Current Issues of Science and Research in the Global World, Vienna, Austria, 27-28 May 2014 /</subfield><subfield code="c">editors, Vlasta Kunova, Faculty of Law, Pan-European University, Bratislava, Slovakia, Martin Dolinsky, Faculty of Economics and Business, Pan-European University, Bratislava, Slovakia.</subfield></datafield><datafield ind1=" " ind2="1" tag="264"><subfield code="a">London :</subfield><subfield code="b">CRC Press/Balkema :</subfield><subfield code="b">Taylor &amp; Francis Group,</subfield><subfield code="c">2015.</subfield></datafield><datafield ind1=" " ind2="4" tag="264"><subfield code="c">&#169;2015</subfield></datafield><datafield ind1=" " ind2=" " tag="300"><subfield code="a">1 online resource.</subfield></datafield><datafield ind1=" " ind2=" " tag="336"><subfield code="a">text</subfield><subfield code="2">rdacontent</subfield></datafield><datafield ind1=" " ind2=" " tag="337"><subfield code="a">computer</subfield><subfield code="2">rdamedia</subfield></datafield><datafield ind1=" " ind2=" " tag="338"><subfield code="a">online resource</subfield><subfield code="2">rdacarrier</subfield></datafield><datafield ind1=" " ind2=" " tag="500"><subfield code="a">"A Balkema book."</subfield></datafield><datafield ind1=" " ind2=" " tag="504"><subfield code="a">Includes bibliographical references and index.</subfield></datafield><datafield ind1="0" ind2=" " tag="505"><subfield code="a">Introductory articles -- Faculty of law, section current issues of legal theory and legal practice -- Faculty of economics and business, section current topics of economic theory and practice in international business -- Faculty of massmedia, section media-science-culture -- Faculty of informatics, section new trends in information technology applications -- Faculty of psychology, section man in the social system of work.</subfield></datafield><datafield ind1=" " ind2=" " tag="506"><subfield code="a">Access restricted to authorized users and institutions.</subfield></datafield><datafield ind1=" " ind2=" " tag="596"><subfield code="a">44</subfield></datafield><datafield ind1=" " ind2="0" tag="650"><subfield code="a">Globalization</subfield><subfield code="v">Congresses.</subfield></datafield><datafield ind1="1" ind2=" " tag="700"><subfield code="a">Kunova, Vlasta,</subfield><subfield code="e">editor.</subfield></datafield><datafield ind1="1" ind2=" " tag="700"><subfield code="a">Dolinsky, Martin,</subfield><subfield code="e">editor.</subfield></datafield><datafield ind1="2" ind2=" " tag="711"><subfield code="a">International Conference on Current Issues of Science and Research in the Global World.</subfield></datafield><datafield ind1="4" ind2="0" tag="856"><subfield code="3">University of Alberta Access</subfield><subfield code="u">http://marc.crcnetbase.com/isbn/9781315722481</subfield><subfield code="z">(Unlimited Concurrent Users)</subfield></datafield><datafield ind1=" " ind2=" " tag="949"><subfield code="h">UAIN</subfield><subfield code="z">CRC</subfield></datafield><datafield ind1=" " ind2=" " tag="926"><subfield code="a">Internet Access</subfield><subfield code="w">LC</subfield><subfield code="c">1</subfield><subfield code="i">6786301-1001</subfield><subfield code="l">INTERNET</subfield><subfield code="m">UAINTERNET</subfield><subfield code="r">Y</subfield><subfield code="s">Y</subfield><subfield code="t">E-RESOURCE</subfield><subfield code="u">1/20/2015</subfield><subfield code="x">E-BOOK</subfield><subfield code="z">CRC</subfield></datafield></record>